<record xmlns="http://www.openarchives.org/OAI/2.0/" xmlns:xsi="http://www.w3.org/2001/XMLSchema-instance"><header><identifier>oai:alma.34CSIC_INST:990012316630204201</identifier><datestamp>2020-02-06T08:41:03Z</datestamp><setSpec>manuscripta</setSpec></header><metadata><record xmlns="http://www.loc.gov/MARC21/slim" xmlns:xsi="http://www.w3.org/2001/XMLSchema-instance" xsi:schemaLocation="http://www.loc.gov/MARC21/slim http://www.loc.gov/standards/marcxml/schema/MARC21slim.xsd"><leader>04276ntm a2200997 i 4500</leader><controlfield tag="005">20181031100353.0</controlfield><controlfield tag="008">100504q1uuu    xx            000 0 ara d</controlfield><controlfield tag="001">990012316630204201</controlfield><datafield tag="035" ind1=" " ind2=" "><subfield code="a">CSIC001231663</subfield></datafield><datafield tag="035" ind1=" " ind2=" "><subfield code="a">(ES-MaCSI)001231663MAD01-Aleph</subfield></datafield><datafield tag="035" ind1=" " ind2=" "><subfield code="a">(OCoLC)1123798976
</subfield></datafield><datafield tag="040" ind1=" " ind2=" "><subfield code="a">ES-MaCSI</subfield><subfield code="b">spa</subfield></datafield><datafield tag="080" ind1=" " ind2=" "><subfield code="a">091(=411.21)</subfield></datafield><datafield tag="245" ind1="1" ind2="0"><subfield code="a">[Papeles sueltos antiguos]</subfield><subfield code="h">[Manuscrito]</subfield></datafield><datafield tag="260" ind1=" " ind2=" "><subfield code="a">[S.l.],</subfield><subfield code="c">[s.a.].</subfield></datafield><datafield tag="300" ind1=" " ind2=" "><subfield code="a">v. ;</subfield><subfield code="c">cm.</subfield></datafield><datafield tag="490" ind1="0" ind2=" "><subfield code="a">Manuscripta</subfield></datafield><datafield tag="500" ind1=" " ind2=" "><subfield code="a">Signatura antigua: AEEA, Caja 32 -- RESC/1019</subfield></datafield><datafield tag="501" ind1=" " ind2=" "><subfield code="a">[Parte 1]</subfield></datafield><datafield tag="501" ind1=" " ind2=" "><subfield code="a">[Fragmento 1-6]:</subfield></datafield><datafield tag="501" ind1=" " ind2=" "><subfield code="a">Dimensiones: Folios de diferentes dimensiones.</subfield></datafield><datafield tag="501" ind1=" " ind2=" "><subfield code="a">Deterioros generales: Muy deteriorados. Rastro de texto, borrado muy probablemente por humedad.</subfield></datafield><datafield tag="501" ind1=" " ind2=" "><subfield code="a">[Fragmento 7]:</subfield></datafield><datafield tag="501" ind1=" " ind2=" "><subfield code="a">Fragmento minúsculo de papel escrito en tinta negra.</subfield></datafield><datafield tag="501" ind1=" " ind2=" "><subfield code="a">Deterioros generales: con manchas de humedad.</subfield></datafield><datafield tag="501" ind1=" " ind2=" "><subfield code="a">[Fragmento 8]:</subfield></datafield><datafield tag="501" ind1=" " ind2=" "><subfield code="a">Fragmento minúsculo de papel escrito en tinta negra.</subfield></datafield><datafield tag="501" ind1=" " ind2=" "><subfield code="a">Deterioros generales: Con agujeros por insectos bibliófagos.</subfield></datafield><datafield tag="501" ind1=" " ind2=" "><subfield code="a">[Fragmento 9-10]:</subfield></datafield><datafield tag="501" ind1=" " ind2=" "><subfield code="a">Fragmento de folio de pergamino con parte de una partitura medieval.</subfield></datafield><datafield tag="501" ind1=" " ind2=" "><subfield code="a">Deterioros generales: Muy deteriorado, quemado. Tiene adherido un fragmento de papel escrito en árabe.</subfield></datafield><datafield tag="501" ind1=" " ind2=" "><subfield code="a">[Fragmento 11]:</subfield></datafield><datafield tag="501" ind1=" " ind2=" "><subfield code="a">Fragmento pequeño de papel</subfield></datafield><datafield tag="501" ind1=" " ind2=" "><subfield code="a">Deterioros generales: con humedades, agujeros</subfield></datafield><datafield tag="501" ind1=" " ind2=" "><subfield code="a">Con escritura en árabe con tinta negra.</subfield></datafield><datafield tag="501" ind1=" " ind2=" "><subfield code="a">[Fragmento 12-15]:</subfield></datafield><datafield tag="501" ind1=" " ind2=" "><subfield code="a">Diversos fragmentos de pergamino con restos de texto en árabe.</subfield></datafield><datafield tag="501" ind1=" " ind2=" "><subfield code="a">Parecen refuerzos de alguna encuadernación.</subfield></datafield><datafield tag="501" ind1=" " ind2=" "><subfield code="a">[Fragmento 16]:</subfield></datafield><datafield tag="501" ind1=" " ind2=" "><subfield code="a">Fragmento pequeño de papel.</subfield></datafield><datafield tag="501" ind1=" " ind2=" "><subfield code="a">Escrito en árabe.</subfield></datafield><datafield tag="501" ind1=" " ind2=" "><subfield code="a">Con tinta negra.</subfield></datafield><datafield tag="501" ind1=" " ind2=" "><subfield code="a">Deterioros generales: Muy deteriorado, con múltiples agujeros.</subfield></datafield><datafield tag="501" ind1=" " ind2=" "><subfield code="a">[Fragmento 17]:</subfield></datafield><datafield tag="501" ind1=" " ind2=" "><subfield code="a">Fragmento minúsculo de papel.</subfield></datafield><datafield tag="501" ind1=" " ind2=" "><subfield code="a">Parece parte de un texto aljamiado.</subfield></datafield><datafield tag="501" ind1=" " ind2=" "><subfield code="a">[Fragmento 18-19]:</subfield></datafield><datafield tag="501" ind1=" " ind2=" "><subfield code="a">Fragmento de bifolio.</subfield></datafield><datafield tag="501" ind1=" " ind2=" "><subfield code="a">Escrito en aljamiado, trata sobre los hijos.</subfield></datafield><datafield tag="501" ind1=" " ind2=" "><subfield code="a">[Fragmento 20-27]:</subfield></datafield><datafield tag="501" ind1=" " ind2=" "><subfield code="a">Fragmentos de papel.</subfield></datafield><datafield tag="501" ind1=" " ind2=" "><subfield code="a">Escritos en aljamiado.</subfield></datafield><datafield tag="501" ind1=" " ind2=" "><subfield code="a">[Fragmento 28-45]:</subfield></datafield><datafield tag="501" ind1=" " ind2=" "><subfield code="a">Múltiples fragmentos de papel de diferentes tamaños.</subfield></datafield><datafield tag="501" ind1=" " ind2=" "><subfield code="a">Escritos en árabe y aljamiado.</subfield></datafield><datafield tag="501" ind1=" " ind2=" "><subfield code="a">Contienen partes de obras y ensayos de caligrafía.</subfield></datafield><datafield tag="501" ind1=" " ind2=" "><subfield code="a">[Fragmento 46]:</subfield></datafield><datafield tag="501" ind1=" " ind2=" "><subfield code="a">Fragmento minúsculo de papel.</subfield></datafield><datafield tag="501" ind1=" " ind2=" "><subfield code="a">Deterioros generales: Muy deteriorado.</subfield></datafield><datafield tag="501" ind1=" " ind2=" "><subfield code="a">[Fragmento 47-50]:</subfield></datafield><datafield tag="501" ind1=" " ind2=" "><subfield code="a">Fragmentos de papel muy deteriorados.</subfield></datafield><datafield tag="501" ind1=" " ind2=" "><subfield code="a">Con restos de escritura en árabe y ensayos de caligrafía.</subfield></datafield><datafield tag="501" ind1=" " ind2=" "><subfield code="a">[Parte 2]</subfield></datafield><datafield tag="501" ind1=" " ind2=" "><subfield code="a">[Fragmento 1]:</subfield></datafield><datafield tag="501" ind1=" " ind2=" "><subfield code="a">Fragmento de papel antiguo.</subfield></datafield><datafield tag="501" ind1=" " ind2=" "><subfield code="a">Escrito en castellano.</subfield></datafield><datafield tag="501" ind1=" " ind2=" "><subfield code="a">[Fragmento 2]:</subfield></datafield><datafield tag="501" ind1=" " ind2=" "><subfield code="a">Papel moderno, con una cenefa.</subfield></datafield><datafield tag="501" ind1=" " ind2=" "><subfield code="a">Colores verde, marrón y morado.</subfield></datafield><datafield tag="501" ind1=" " ind2=" "><subfield code="a">[Fragmento 3]:</subfield></datafield><datafield tag="501" ind1=" " ind2=" "><subfield code="a">Papel moderno con anotación acerca de una donación de manuscritos árabes de 1886.</subfield></datafield><datafield tag="501" ind1=" " ind2=" "><subfield code="a">[Fragmento 4]:</subfield></datafield><datafield tag="501" ind1=" " ind2=" "><subfield code="a">Fragmentos de folio muy deteriorados y mutilados.</subfield></datafield><datafield tag="501" ind1=" " ind2=" "><subfield code="a">En castellano.</subfield></datafield><datafield tag="501" ind1=" " ind2=" "><subfield code="a">[Fragmento 5]:</subfield></datafield><datafield tag="501" ind1=" " ind2=" "><subfield code="a">Papel pequeño moderno con el nombre “Don Pedro Coduras […] comercio. Zaragoza”.</subfield></datafield><datafield tag="501" ind1=" " ind2=" "><subfield code="a">[Parte 3]</subfield></datafield><datafield tag="501" ind1=" " ind2=" "><subfield code="a">Folios antiguos sin escritura.</subfield></datafield><datafield tag="546" ind1=" " ind2=" "><subfield code="a">Escrito en árabe [Parte 1 (Fragmentos: 9-10, 11, 12-15, 16, 28-45, 47-50)]</subfield></datafield><datafield tag="546" ind1=" " ind2=" "><subfield code="a">Texto en aljamiado [Parte 1 (Fragmentos: 17, 18-19, 20-27, 28-45)]</subfield></datafield><datafield tag="546" ind1=" " ind2=" "><subfield code="a">Castellano [Parte 2 (Fragmentos: 1, 4)]</subfield></datafield><datafield tag="563" ind1=" " ind2=" "><subfield code="a">Enc. con tapas</subfield></datafield><datafield tag="650" ind1=" " ind2="7"><subfield code="a">Manuscritos árabes.</subfield><subfield code="2">CSICAU</subfield></datafield><datafield tag="830" ind1=" " ind2="0"><subfield code="a">Manuscripta</subfield></datafield><datafield tag="856" ind1="4" ind2="1"><subfield code="u">http://aleph.csic.es/imagenes/mad01/0006_PMSC/P_001231663_658949_V00.pdf</subfield><subfield code="z">Descargar Pdf completo (7.7M)</subfield><subfield code="m">CSIC</subfield></datafield><datafield tag="856" ind1="4" ind2="1"><subfield code="u">http://simurg.bibliotecas.csic.es/viewer/image/CSIC001231663/1/</subfield><subfield code="z">Ver texto completo en SIMURG, el portal de fondos digitalizados del CSIC</subfield><subfield code="m">CSIC</subfield></datafield><datafield tag="856" ind1="4" ind2="1"><subfield code="u">http://aleph.csic.es/imagenes/mad01/0006_PMSC/html/001231663.html</subfield><subfield code="z">Ver texto completo en Bookreader</subfield></datafield></record></metadata></record>